<collection xmlns="http://www.loc.gov/MARC21/slim">
<record>
  <leader>01490nam0a2200289 i 450 </leader>
  <controlfield tag="001">IT\ICCU\CNCE\078355</controlfield>
  <controlfield tag="005">20160428000000.0</controlfield>
  <datafield tag="012" ind1=" " ind2=" ">
    <subfield code="a">usma geru utox i-ia (C) 150. </subfield>
    <subfield code="2">fei</subfield>
  </datafield>
  <datafield tag="100" ind1=" " ind2=" ">
    <subfield code="a">20140122f15001509    0itac0103    ba</subfield>
  </datafield>
  <datafield tag="101" ind1=" " ind2=" ">
    <subfield code="a">LAT</subfield>
  </datafield>
  <datafield tag="102" ind1=" " ind2=" ">
    <subfield code="a">IT</subfield>
  </datafield>
  <datafield tag="200" ind1="1" ind2=" ">
    <subfield code="a">Oratio edita habita &amp; publice recitata in Senatu illustrissimo Veneto per clarissimum &amp; magnificum d. Accursium Maynerii doctorem Auinionensem christianissimi d. Ludouici Francorum regis consiliarium ... 1399. \!! 3. ka. Iulii</subfield>
  </datafield>
  <datafield tag="210" ind1=" " ind2=" ">
    <subfield code="d">\150.!,</subfield>
    <subfield code="e">Impressa Venetiis</subfield>
    <subfield code="g">per Carotam \!! Pontanum virum diligentem</subfield>
  </datafield>
  <datafield tag="215" ind1=" " ind2=" ">
    <subfield code="a">\4! c.</subfield>
    <subfield code="d">4ʻ</subfield>
  </datafield>
  <datafield tag="300" ind1=" " ind2=" ">
    <subfield code="a">Per la data cfr.: &lt;A HREF=&quot;http://data.cerl.org/istc/im00082600&quot; TARGET=&quot;_blank&quot;&gt;ISTC im00082600&lt;/A&gt;</subfield>
  </datafield>
  <datafield tag="620" ind1=" " ind2=" ">
    <subfield code="a">IT</subfield>
    <subfield code="d">Venezia</subfield>
  </datafield>
  <datafield tag="700" ind1=" " ind2="1">
    <subfield code="a">Mainier,</subfield>
    <subfield code="b">Accurse</subfield>
    <subfield code="3">IT\ICCU\CNCA\029846</subfield>
  </datafield>
  <datafield tag="712" ind1="0" ind2="0">
    <subfield code="a">Pontano, Carlo</subfield>
    <subfield code="3">IT\ICCU\CNCT\006429</subfield>
    <subfield code="4">650</subfield>
  </datafield>
  <datafield tag="790" ind1=" " ind2="1">
    <subfield code="a">Mainerio,</subfield>
    <subfield code="b">Accursio</subfield>
    <subfield code="3">IT\ICCU\CNCA\029847</subfield>
    <subfield code="z">Mainier, Accurse</subfield>
  </datafield>
  <datafield tag="790" ind1=" " ind2="1">
    <subfield code="a">Maynerius,</subfield>
    <subfield code="b">Accursius</subfield>
    <subfield code="3">IT\ICCU\CNCA\029848</subfield>
    <subfield code="z">Mainier, Accurse</subfield>
  </datafield>
  <datafield tag="790" ind1=" " ind2="1">
    <subfield code="a">Mainerius,</subfield>
    <subfield code="b">Accursius</subfield>
    <subfield code="3">IT\ICCU\CNCA\029849</subfield>
    <subfield code="z">Mainier, Accurse</subfield>
  </datafield>
  <datafield tag="791" ind1="0" ind2="2">
    <subfield code="a">Carota Pontanus</subfield>
    <subfield code="3">IT\ICCU\CNCT\006430</subfield>
    <subfield code="z">Pontano, Carlo</subfield>
  </datafield>
  <datafield tag="801" ind1=" " ind2="3">
    <subfield code="a">IT</subfield>
    <subfield code="b">ICCU</subfield>
    <subfield code="c">20201115</subfield>
  </datafield>
  <datafield tag="899" ind1=" " ind2=" ">
    <subfield code="a">Biblioteca Apostolica Vaticana. Citt ̉del Vaticano</subfield>
    <subfield code="1">EX0001</subfield>
    <subfield code="2">ZCV 01</subfield>
  </datafield>
  <datafield tag="899" ind1=" " ind2=" ">
    <subfield code="a">Biblioteca Ambrosiana. Milano</subfield>
    <subfield code="1">MI0133</subfield>
    <subfield code="2">VBA 01</subfield>
  </datafield>
  <datafield tag="899" ind1=" " ind2=" ">
    <subfield code="a">Biblioteca dell&apos;Accademia nazionale dei Lincei e Corsiniana. Roma</subfield>
    <subfield code="1">RM0418</subfield>
    <subfield code="2">RML 10</subfield>
  </datafield>
  <datafield tag="899" ind1=" " ind2=" ">
    <subfield code="a">Biblioteca nazionale Marciana. Venezia</subfield>
    <subfield code="1">VE0049</subfield>
    <subfield code="2">VEA BM</subfield>
  </datafield>
</record>
</collection>
